@book{chong2013introduction,
  title={An introduction to optimization},
  author={Chong, Edwin KP and Zak, Stanislaw H},
  volume={75},
  year={2013},
  publisher={John Wiley \& Sons}
}

@book{boyd2004convex,
  title={Convex optimization},
  author={Boyd, Stephen and Boyd, Stephen P and Vandenberghe, Lieven},
  year={2004},
  publisher={Cambridge university press}
}

@book{diwekar2020introduction,
  title={Introduction to applied optimization},
  author={Diwekar, Urmila M},
  volume={22},
  year={2020},
  publisher={Springer Nature}
}

@book{acemoglu2008introduction,
  title={Introduction to modern economic growth},
  author={Acemoglu, Daron},
  year={2008},
  publisher={Princeton university press}
}

@book{auerbach2013handbook,
  title={Handbook of public economics},
  author={Auerbach, Alan J and Chetty, Raj and Feldstein, Martin and Saez, Emmanuel},
  volume={5},
  year={2013},
  publisher={Newnes}
}

@book{bellman2010dynamic,
  title={Dynamic programming},
  author={Bellman, Richard E},
  year={2010},
  publisher={Princeton university press}
}

@book{Cover2006,
  added-at = {2009-04-20T21:27:16.000+0200},
  at = {2008-03-31 06:17:47},
  author = {Cover, Thomas M. and Thomas, Joy A.},
  biburl = {https://www.bibsonomy.org/bibtex/22e9bfa879286689a14feb55b69d326c1/ywhuang},
  howpublished = {Hardcover},
  id = {1877660},
  interhash = {87ae368776946bf7a71ee476e81a2191},
  intrahash = {2e9bfa879286689a14feb55b69d326c1},
  isbn = {0471241954},
  keywords = {information-theory book},
  month = {July},
  priority = {0},
  publisher = {Wiley-Interscience},
  timestamp = {2009-04-20T21:27:16.000+0200},
  title = {Elements of Information Theory 2nd Edition (Wiley Series in Telecommunications and Signal Processing)},
  year = 2006
}





@misc{arno_shae,
url={https://cv.arnov.dev},
journal={Personal website},
author={V, Arno},
year={2023},
month={Mar}
} 